<?xml version="1.0" encoding="UTF-8"?>
<record>
  <leader>02227nam a2200385 c 4500</leader>
  <controlfield tag="003">DE-605</controlfield>
  <controlfield tag="005">20251008143640.0</controlfield>
  <controlfield tag="007">tu</controlfield>
  <controlfield tag="008">241205s1648    ne |||| |     ||| | lat c</controlfield>
  <controlfield tag="001">99375092939006441</controlfield>
  <datafield tag="026" ind1=" " ind2=" ">
    <subfield code="e">i.C. 0.s. n-ex simu 3 1648R</subfield>
    <subfield code="2">fei</subfield>
  </datafield>
  <datafield tag="035" ind1=" " ind2=" ">
    <subfield code="a">(DE-605)HT030904694</subfield>
  </datafield>
  <datafield tag="040" ind1=" " ind2=" ">
    <subfield code="a">USB Köln</subfield>
    <subfield code="b">ger</subfield>
    <subfield code="c">DE-38</subfield>
    <subfield code="d">DE-38</subfield>
    <subfield code="e">rda</subfield>
  </datafield>
  <datafield tag="041" ind1=" " ind2=" ">
    <subfield code="a">lat</subfield>
  </datafield>
  <datafield tag="044" ind1=" " ind2=" ">
    <subfield code="c">XA-NL</subfield>
  </datafield>
  <datafield tag="100" ind1="1" ind2=" ">
    <subfield code="a">Magnen, Jean Chrysostôme</subfield>
    <subfield code="d">ca. 17. Jh.</subfield>
    <subfield code="0">(DE-588)122552245</subfield>
    <subfield code="4">aut</subfield>
    <subfield code="0">https://d-nb.info/gnd/122552245</subfield>
    <subfield code="0">http://viaf.org/viaf/19723761</subfield>
    <subfield code="B">GND-122552245</subfield>
  </datafield>
  <datafield tag="245" ind1="1" ind2="0">
    <subfield code="a">Io. Chrysostomi || Magneni, Burgundi, || In Ticinensi Vniversitate Regii || Medicinae Professoris, || Democritvs || Reviviscens: || Sive || Vita Et Philosophia || Democriti</subfield>
  </datafield>
  <datafield tag="246" ind1="3" ind2=" ">
    <subfield code="a">Io. Chrysostomi Magneni, Burgundi, In Ticinensi Universitate Regii Medicinae Professoris, Democritus Reviviscens: Sive Vita Et Philosophia Democriti</subfield>
  </datafield>
  <datafield tag="246" ind1="3" ind2=" ">
    <subfield code="a">Democritus Reviviscens: Sive Vita Et Philosophia Democriti</subfield>
  </datafield>
  <datafield tag="264" ind1=" " ind2="1">
    <subfield code="a">Lugduni Batavorum</subfield>
    <subfield code="b">Ex Officina Adriani Wyngaerden</subfield>
    <subfield code="c">Anno M D C XLVIII</subfield>
  </datafield>
  <datafield tag="300" ind1=" " ind2=" ">
    <subfield code="a">[1] Blatt, [20] Seiten, [1] unbedrucktes Blatt, 458, [10] Seiten</subfield>
    <subfield code="b">1 Illustration (Titelkupfer), Diagramme</subfield>
  </datafield>
  <datafield tag="336" ind1=" " ind2=" ">
    <subfield code="b">txt</subfield>
  </datafield>
  <datafield tag="337" ind1=" " ind2=" ">
    <subfield code="b">n</subfield>
  </datafield>
  <datafield tag="338" ind1=" " ind2=" ">
    <subfield code="b">nc</subfield>
  </datafield>
  <datafield tag="361" ind1=" " ind2=" ">
    <subfield code="5">DE-5</subfield>
    <subfield code="s">BACH71</subfield>
    <subfield code="o">Vorbesitz</subfield>
    <subfield code="a">Hoboken, Nicolaas</subfield>
    <subfield code="0">(DE-588)131844024</subfield>
    <subfield code="f">hs. Besitzvermerk</subfield>
    <subfield code="z">hs. Besitzvermerk "Sum Nicolai Hoboken. Ultrajectini. 1652."</subfield>
    <subfield code="8">1</subfield>
  </datafield>
  <datafield tag="361" ind1=" " ind2=" ">
    <subfield code="5">DE-5</subfield>
    <subfield code="s">BACH71</subfield>
    <subfield code="o">Vorbesitz</subfield>
    <subfield code="a">Burghart, Gottfried Heinrich</subfield>
    <subfield code="0">(DE-588)120527081</subfield>
    <subfield code="f">hs. Besitzvermerk</subfield>
    <subfield code="z">hs. Besitzvermerk "[] Godofredi Henrici Burghart. Reichenb. []"</subfield>
    <subfield code="8">2</subfield>
  </datafield>
  <datafield tag="361" ind1="1" ind2=" ">
    <subfield code="5">DE-38</subfield>
    <subfield code="s">BACH71</subfield>
    <subfield code="o">Vorbesitz</subfield>
    <subfield code="a">Hoboken, Nicolaas</subfield>
    <subfield code="0">(DE-588)131844024</subfield>
    <subfield code="z">Details: hs. Besitzvermerk "Sum Nicolai Hoboken. Ultrajectini. 1652."</subfield>
  </datafield>
  <datafield tag="361" ind1="1" ind2=" ">
    <subfield code="5">DE-38</subfield>
    <subfield code="s">BACH71</subfield>
    <subfield code="o">Vorbesitz</subfield>
    <subfield code="a">Burghart, Gottfried Heinrich</subfield>
    <subfield code="0">(DE-588)120527081</subfield>
    <subfield code="z">Details: hs. Besitzvermerk "[] Godofredi Henrici Burghart. Reichenb. []"</subfield>
  </datafield>
  <datafield tag="035" ind1=" " ind2=" ">
    <subfield code="a">(DE-599)HBZHT030904694</subfield>
  </datafield>
  <datafield tag="700" ind1="1" ind2=" ">
    <subfield code="a">Wyngaerde, Adrian</subfield>
    <subfield code="d">ca. 1610-1668</subfield>
    <subfield code="0">(DE-588)1037516583</subfield>
    <subfield code="4">prt</subfield>
    <subfield code="0">https://d-nb.info/gnd/1037516583</subfield>
    <subfield code="0">http://viaf.org/viaf/304943797</subfield>
    <subfield code="B">GND-1037516583</subfield>
  </datafield>
  <datafield tag="751" ind1=" " ind2=" ">
    <subfield code="a">Leiden</subfield>
    <subfield code="0">(DE-588)4074118-7</subfield>
    <subfield code="4">pup</subfield>
    <subfield code="0">https://d-nb.info/gnd/040741184</subfield>
    <subfield code="B">GND-040741184</subfield>
  </datafield>
  <datafield tag="500" ind1=" " ind2=" ">
    <subfield code="a">Vorlageform der Veröffentlichungsangabe: Lugduni Batavorum, || Ex Officina Adriani Wyngaerden, || Anno M D C XLVIII.</subfield>
  </datafield>
  <datafield tag="500" ind1=" " ind2=" ">
    <subfield code="a">Signaturformel und FEI-Fingerprint nach dem Exemplar der USB Köln</subfield>
  </datafield>
  <datafield tag="500" ind1=" " ind2=" ">
    <subfield code="a">Signaturformel: ***12, A-T12, V6</subfield>
  </datafield>
  <datafield tag="500" ind1=" " ind2=" ">
    <subfield code="a">Titelkupfer</subfield>
  </datafield>
  <datafield tag="MBD" ind1=" " ind2=" ">
    <subfield code="M">49HBZ_NETWORK</subfield>
    <subfield code="i">99375092939006441</subfield>
    <subfield code="n">HBZ Network</subfield>
  </datafield>
  <datafield tag="MBD" ind1=" " ind2=" ">
    <subfield code="M">49HBZ_UBK</subfield>
    <subfield code="i">991055756162006476</subfield>
    <subfield code="n">Universität Köln</subfield>
  </datafield>
  <datafield tag="MNG" ind1=" " ind2=" ">
    <subfield code="c">System</subfield>
    <subfield code="f">OTHER</subfield>
    <subfield code="i">marc21</subfield>
    <subfield code="h">20251008143640.0</subfield>
    <subfield code="l">56</subfield>
    <subfield code="k">01</subfield>
    <subfield code="e">false</subfield>
    <subfield code="d">2025-10-08 14:36:41 Europe/Berlin</subfield>
    <subfield code="g">99375092939006441</subfield>
    <subfield code="j">60</subfield>
    <subfield code="a">38lumueller######49HBZ_UBK</subfield>
    <subfield code="b">2024-12-05 08:14:07 Europe/Berlin</subfield>
  </datafield>
  <datafield tag="H52" ind1="8" ind2=" ">
    <subfield code="b">38-HLS</subfield>
    <subfield code="c">38-HLS-MAG</subfield>
    <subfield code="8">22370547480006476</subfield>
  </datafield>
  <datafield tag="HOL" ind1=" " ind2=" ">
    <subfield code="d">2024-12-05 07:14:32</subfield>
    <subfield code="8">22370547480006476</subfield>
    <subfield code="b">2024-12-05 07:14:27</subfield>
    <subfield code="M">49HBZ_UBK</subfield>
    <subfield code="g">false</subfield>
    <subfield code="a">38lumueller</subfield>
    <subfield code="c">38lumueller</subfield>
  </datafield>
  <datafield tag="ITM" ind1=" " ind2=" ">
    <subfield code="H">22370547480006476</subfield>
    <subfield code="x">38-HLS-MAG</subfield>
    <subfield code="f">RARE</subfield>
    <subfield code="v">38-HLS-MAG</subfield>
    <subfield code="p">L</subfield>
    <subfield code="X">38Rahimi</subfield>
    <subfield code="Y">2025-02-04 12:13:44 Europe/Berlin</subfield>
    <subfield code="h">false</subfield>
    <subfield code="n">BACH71</subfield>
    <subfield code="M">49HBZ_UBK</subfield>
    <subfield code="s">1</subfield>
    <subfield code="d">8</subfield>
    <subfield code="V">38lumueller</subfield>
    <subfield code="b">BACH71</subfield>
    <subfield code="a">23370547460006476</subfield>
    <subfield code="W">2024-12-05 08:14:52 Europe/Berlin</subfield>
    <subfield code="u">38-HLS</subfield>
    <subfield code="w">38-HLS</subfield>
  </datafield>
  <datafield tag="GPN" ind1="1" ind2=" ">
    <subfield code="a">Magnenus, Johannes Chrysostomus</subfield>
    <subfield code="d">ca. 17. Jh.</subfield>
    <subfield code="A">GND</subfield>
    <subfield code="B">GND-122552245</subfield>
    <subfield code="C">400</subfield>
  </datafield>
  <datafield tag="GPN" ind1="1" ind2=" ">
    <subfield code="a">Magnenus, Johannes C.</subfield>
    <subfield code="d">ca. 17. Jh.</subfield>
    <subfield code="A">GND</subfield>
    <subfield code="B">GND-122552245</subfield>
    <subfield code="C">400</subfield>
  </datafield>
  <datafield tag="GPN" ind1="1" ind2=" ">
    <subfield code="a">Chrysostomus Magnenus, Joannes</subfield>
    <subfield code="d">ca. 17. Jh.</subfield>
    <subfield code="A">GND</subfield>
    <subfield code="B">GND-122552245</subfield>
    <subfield code="C">400</subfield>
  </datafield>
  <datafield tag="GPN" ind1="1" ind2=" ">
    <subfield code="a">Magnenus, Joannes Chrysostomus</subfield>
    <subfield code="d">ca. 17. Jh.</subfield>
    <subfield code="A">GND</subfield>
    <subfield code="B">GND-122552245</subfield>
    <subfield code="C">400</subfield>
  </datafield>
  <datafield tag="GPN" ind1="1" ind2=" ">
    <subfield code="a">Chrysostomus Magnenus, Johannes</subfield>
    <subfield code="d">ca. 17. Jh.</subfield>
    <subfield code="A">GND</subfield>
    <subfield code="B">GND-122552245</subfield>
    <subfield code="C">400</subfield>
  </datafield>
  <datafield tag="GPN" ind1="1" ind2=" ">
    <subfield code="a">Magnenus, Johann Chrysostomus</subfield>
    <subfield code="d">ca. 17. Jh.</subfield>
    <subfield code="A">GND</subfield>
    <subfield code="B">GND-122552245</subfield>
    <subfield code="C">400</subfield>
  </datafield>
  <datafield tag="GPN" ind1="1" ind2=" ">
    <subfield code="a">Magnen, Jean C.</subfield>
    <subfield code="d">ca. 17. Jh.</subfield>
    <subfield code="A">GND</subfield>
    <subfield code="B">GND-122552245</subfield>
    <subfield code="C">400</subfield>
  </datafield>
  <datafield tag="GSI" ind1="7" ind2=" ">
    <subfield code="a">122552245</subfield>
    <subfield code="0">http://d-nb.info/gnd/122552245</subfield>
    <subfield code="2">gnd</subfield>
    <subfield code="A">GND</subfield>
    <subfield code="B">GND-122552245</subfield>
    <subfield code="C">024</subfield>
  </datafield>
  <datafield tag="GSI" ind1="7" ind2=" ">
    <subfield code="a">4074118-7</subfield>
    <subfield code="0">http://d-nb.info/gnd/4074118-7</subfield>
    <subfield code="2">gnd</subfield>
    <subfield code="A">GND</subfield>
    <subfield code="B">GND-040741184</subfield>
    <subfield code="C">024</subfield>
  </datafield>
  <datafield tag="GSI" ind1="7" ind2=" ">
    <subfield code="a">2751773</subfield>
    <subfield code="2">geonames</subfield>
    <subfield code="A">GND</subfield>
    <subfield code="B">GND-040741184</subfield>
    <subfield code="C">024</subfield>
  </datafield>
  <datafield tag="GGN" ind1=" " ind2=" ">
    <subfield code="a">Lugduni-Batavorum</subfield>
    <subfield code="A">GND</subfield>
    <subfield code="B">GND-040741184</subfield>
    <subfield code="C">451</subfield>
  </datafield>
  <datafield tag="GGN" ind1=" " ind2=" ">
    <subfield code="a">Leyden</subfield>
    <subfield code="A">GND</subfield>
    <subfield code="B">GND-040741184</subfield>
    <subfield code="C">451</subfield>
  </datafield>
  <datafield tag="GGN" ind1=" " ind2=" ">
    <subfield code="a">Lugdunum Batavorum</subfield>
    <subfield code="A">GND</subfield>
    <subfield code="B">GND-040741184</subfield>
    <subfield code="C">451</subfield>
  </datafield>
  <datafield tag="GGN" ind1=" " ind2=" ">
    <subfield code="a">Leyde</subfield>
    <subfield code="A">GND</subfield>
    <subfield code="B">GND-040741184</subfield>
    <subfield code="C">451</subfield>
  </datafield>
  <datafield tag="GGN" ind1=" " ind2=" ">
    <subfield code="a">Leide</subfield>
    <subfield code="A">GND</subfield>
    <subfield code="B">GND-040741184</subfield>
    <subfield code="C">451</subfield>
  </datafield>
  <datafield tag="GGN" ind1=" " ind2=" ">
    <subfield code="a">Lugduni Batavorum</subfield>
    <subfield code="A">GND</subfield>
    <subfield code="B">GND-040741184</subfield>
    <subfield code="C">451</subfield>
  </datafield>
  <datafield tag="GGN" ind1=" " ind2=" ">
    <subfield code="a">Lugd. Bat.</subfield>
    <subfield code="A">GND</subfield>
    <subfield code="B">GND-040741184</subfield>
    <subfield code="C">451</subfield>
  </datafield>
  <datafield tag="GPN" ind1="1" ind2=" ">
    <subfield code="a">Vingart, A.</subfield>
    <subfield code="d">ca. 1610-1668</subfield>
    <subfield code="A">GND</subfield>
    <subfield code="B">GND-1037516583</subfield>
    <subfield code="C">400</subfield>
  </datafield>
  <datafield tag="GPN" ind1="1" ind2=" ">
    <subfield code="a">Weingarten, Adrian</subfield>
    <subfield code="d">ca. 1610-1668</subfield>
    <subfield code="A">GND</subfield>
    <subfield code="B">GND-1037516583</subfield>
    <subfield code="C">400</subfield>
  </datafield>
  <datafield tag="GPN" ind1="1" ind2=" ">
    <subfield code="a">Weyngarden, Adrian</subfield>
    <subfield code="d">ca. 1610-1668</subfield>
    <subfield code="A">GND</subfield>
    <subfield code="B">GND-1037516583</subfield>
    <subfield code="C">400</subfield>
  </datafield>
  <datafield tag="GPN" ind1="1" ind2=" ">
    <subfield code="a">Wijngaerden, Adriaen</subfield>
    <subfield code="d">ca. 1610-1668</subfield>
    <subfield code="A">GND</subfield>
    <subfield code="B">GND-1037516583</subfield>
    <subfield code="C">400</subfield>
  </datafield>
  <datafield tag="GPN" ind1="1" ind2=" ">
    <subfield code="a">Wingaerden, A.</subfield>
    <subfield code="d">ca. 1610-1668</subfield>
    <subfield code="A">GND</subfield>
    <subfield code="B">GND-1037516583</subfield>
    <subfield code="C">400</subfield>
  </datafield>
  <datafield tag="GPN" ind1="1" ind2=" ">
    <subfield code="a">Wingarten, Adrian</subfield>
    <subfield code="d">ca. 1610-1668</subfield>
    <subfield code="A">GND</subfield>
    <subfield code="B">GND-1037516583</subfield>
    <subfield code="C">400</subfield>
  </datafield>
  <datafield tag="GPN" ind1="1" ind2=" ">
    <subfield code="a">Wyngaerden, Adriaen</subfield>
    <subfield code="d">ca. 1610-1668</subfield>
    <subfield code="A">GND</subfield>
    <subfield code="B">GND-1037516583</subfield>
    <subfield code="C">400</subfield>
  </datafield>
  <datafield tag="GPN" ind1="1" ind2=" ">
    <subfield code="a">Wyngaerden, Adrianus</subfield>
    <subfield code="d">ca. 1610-1668</subfield>
    <subfield code="A">GND</subfield>
    <subfield code="B">GND-1037516583</subfield>
    <subfield code="C">400</subfield>
  </datafield>
  <datafield tag="GPN" ind1="1" ind2=" ">
    <subfield code="a">Wyngarten, Adrian</subfield>
    <subfield code="d">ca. 1610-1668</subfield>
    <subfield code="A">GND</subfield>
    <subfield code="B">GND-1037516583</subfield>
    <subfield code="C">400</subfield>
  </datafield>
  <datafield tag="GSI" ind1="7" ind2=" ">
    <subfield code="a">1037516583</subfield>
    <subfield code="0">http://d-nb.info/gnd/1037516583</subfield>
    <subfield code="2">gnd</subfield>
    <subfield code="A">GND</subfield>
    <subfield code="B">GND-1037516583</subfield>
    <subfield code="C">024</subfield>
  </datafield>
</record>
